@misc{WinNT,
  title = {Predict the efficiency of novel organic photovoltaic molecules Description},
  howpublished = {\url{https:/inclass.kaggle.com/c/cs181-s16-practical-1}},
}

@inproceedings{montavon2012learning,
  title={Learning invariant representations of molecules for atomization energy prediction},
  author={Montavon, Gr{\'e}goire and Hansen, Katja and Fazli, Siamac and Rupp, Matthias and Biegler, Franziska and Ziehe, Andreas and Tkatchenko, Alexandre and Lilienfeld, Anatole V and M{\"u}ller, Klaus-Robert},
  booktitle={Advances in Neural Information Processing Systems},
  pages={440--448},
  year={2012}
}

@phdthesis{sun2014learning,
  title={Learning over Molecules: Representations and Kernels},
  author={Sun, Hong Yang},
  year={2014}
}

@article{rogers2010extended,
  title={Extended-connectivity fingerprints},
  author={Rogers, David and Hahn, Mathew},
  journal={Journal of chemical information and modeling},
  volume={50},
  number={5},
  pages={742--754},
  year={2010},
  publisher={ACS Publications}
}

@article{landrum2006rdkit,
  title={RDKit: Open-source cheminformatics},
  author={Landrum, Greg},
  journal={Online). http://​ www.​ rdkit.​ org. Accessed},
  volume={3},
  number={04},
  pages={2012},
  year={2006}
}

@article{bartok2010gaussian,
  title={Gaussian approximation potentials: The accuracy of quantum mechanics, without the electrons},
  author={Bart{\'o}k, Albert P and Payne, Mike C and Kondor, Risi and Cs{\'a}nyi, G{\'a}bor},
  journal={Physical review letters},
  volume={104},
  number={13},
  pages={136403},
  year={2010},
  publisher={APS}
}

@article{rifkin2007notes,
  title={Notes on regularized least squares},
  author={Rifkin, Ryan M and Lippert, Ross A},
  year={2007}
}

@article{guyon2003introduction,
  title={An introduction to variable and feature selection},
  author={Guyon, Isabelle and Elisseeff, Andr{\'e}},
  journal={The Journal of Machine Learning Research},
  volume={3},
  pages={1157--1182},
  year={2003},
  publisher={JMLR. org}
}

@article{zou2005regularization,
  title={Regularization and variable selection via the elastic net},
  author={Zou, Hui and Hastie, Trevor},
  journal={Journal of the Royal Statistical Society: Series B (Statistical Methodology)},
  volume={67},
  number={2},
  pages={301--320},
  year={2005},
  publisher={Wiley Online Library}
}

@article{rumelhart1988learning,
  title={Learning representations by back-propagating errors},
  author={Rumelhart, David E and Hinton, Geoffrey E and Williams, Ronald J},
  journal={Cognitive modeling},
  volume={5},
  number={3},
  pages={1},
  year={1988}
}

@article{breiman2001random,
  title={Random forests},
  author={Breiman, Leo},
  journal={Machine learning},
  volume={45},
  number={1},
  pages={5--32},
  year={2001},
  publisher={Springer}
}

@article{suykens1999least,
  title={Least squares support vector machine classifiers},
  author={Suykens, Johan AK and Vandewalle, Joos},
  journal={Neural processing letters},
  volume={9},
  number={3},
  pages={293--300},
  year={1999},
  publisher={Springer}
}